@book{ccalc,
  place     = {Cambridge},
  title     = {Calculus: Concepts and Methods},
  doi       = {10.1017/CBO9780511802997},
  publisher = {Cambridge University Press},
  author    = {Binmore, Ken and Davies, Joan},
  year      = {2002}
}
@book{kolegij,
  title     = {Matematika za informatičare},
  year      = {2004},
  author    = {B. Divjak, T. Hunjak},
  publisher = {TIVA, Fakultet organizacije i informatike, Varaždin}
}
@misc{numpy_doc,
  title = {NumPy v1.24 Manual},
  year  = {2022},
  month = dec,
  note  = {[Internet; pristupljeno 4. Feb. 2023]},
  url   = {https://numpy.org/doc/stable}
}
@misc{mpl_api,
  title = {Matplotlib 3.6.3 API Reference},
  year  = {2023},
  month = jan,
  note  = {[Internet; pristupljeno 4. Feb. 2023]},
  url   = {https://matplotlib.org/stable/api/index}
}
@misc{mpl_ug,
  title = {Matplotlib 3.6.3 Users guide},
  year  = {2023},
  month = jan,
  note  = {[Internet; pristupljeno 4. Feb. 2023]},
  url   = {https://matplotlib.org/stable/users/index}
}